<record><leader>00000cas a22000007a 4500</leader><controlfield tag="001">34998784</controlfield><controlfield tag="008">960627d19uu194ucaucr ne      0    0eng d</controlfield><datafield ind1=" " ind2=" " tag="010"><subfield code="a">sn 96062848 </subfield></datafield><datafield ind1=" " ind2=" " tag="040"><subfield code="a">CNK</subfield><subfield code="b">eng</subfield><subfield code="c">CNK</subfield><subfield code="d">OCLCQ</subfield><subfield code="d">OCLCF</subfield><subfield code="d">OCLCO</subfield></datafield><datafield ind1="1" ind2=" " tag="029"><subfield code="a">AU@</subfield><subfield code="b">000012570399</subfield></datafield><datafield ind1=" " ind2=" " tag="042"><subfield code="a">msc</subfield></datafield><datafield ind1=" " ind2=" " tag="043"><subfield code="a">n-us-ca</subfield></datafield><datafield ind1="0" ind2="0" tag="245"><subfield code="a">North Hollywood valley times.</subfield></datafield><datafield ind1="3" ind2=" " tag="246"><subfield code="a">North Hollywood valley times and herald of Roscoe</subfield></datafield><datafield ind1="3" ind2=" " tag="246"><subfield code="a">North Hollywood valley times and Roscoe herald</subfield></datafield><datafield ind1="3" ind2=" " tag="246"><subfield code="a">Valley times</subfield></datafield><datafield ind1=" " ind2=" " tag="260"><subfield code="a">North Hollywood, Calif. :</subfield><subfield code="b">Valley News Corp.</subfield></datafield><datafield ind1=" " ind2=" " tag="300"><subfield code="a">v.</subfield></datafield><datafield ind1=" " ind2=" " tag="310"><subfield code="a">Semiweekly</subfield></datafield><datafield ind1=" " ind2=" " tag="500"><subfield code="a">"North Hollywood" appears in smaller type above "valley times." "And herald of Roscoe" appears in very small type below masthead title, Nov. 27, 1942-Mar 26. 1943. "And Roscoe herald" appears in very small type below masthead title, Mar. 30, 1943-</subfield></datafield><datafield ind1=" " ind2=" " tag="588"><subfield code="a">Description based on: Vol. 6, no. 92 (Nov. 27, 1942).</subfield></datafield><datafield ind1=" " ind2="0" tag="651"><subfield code="a">San Fernando Valley (Calif.)</subfield><subfield code="v">Newspapers.</subfield></datafield><datafield ind1=" " ind2="7" tag="655"><subfield code="a">Newspapers.</subfield><subfield code="2">fast</subfield><subfield code="0">(OCoLC)fst01423814</subfield></datafield><datafield ind1=" " ind2="7" tag="651"><subfield code="a">California</subfield><subfield code="z">San Fernando Valley.</subfield><subfield code="2">fast</subfield><subfield code="0">(OCoLC)fst01242395</subfield></datafield><datafield ind1=" " ind2=" " tag="752"><subfield code="a">United States</subfield><subfield code="b">California</subfield><subfield code="c">Los Angeles</subfield><subfield code="d">Los Angeles.</subfield></datafield><datafield ind1="0" ind2=" " tag="775"><subfield code="t">Van Nuys valley times</subfield><subfield code="w">(DLC)sn 96062849</subfield></datafield><datafield ind1="0" ind2=" " tag="775"><subfield code="t">Burbank valley times</subfield><subfield code="w">(DLC)sn 96062850</subfield></datafield><datafield ind1="0" ind2=" " tag="775"><subfield code="t">San Fernando Valley times</subfield><subfield code="w">(DLC)sn 96062847</subfield></datafield></record>